@article{Aggregate01,
author = {Beal, Jacob and Pianini, Danilo and Viroli, Mirko},
year = {2015},
month = {09},
pages = {22-30},
title = {Aggregate Programming for the Internet of Things},
volume = {48},
journal = {Computer},
doi = {10.1109/MC.2015.261}
}
@article{FieldCalculus,
author = {Viroli, Mirko and Audrito, Giorgio and Damiani, Ferruccio and Pianini, Danilo and Beal, Jacob},
year = {2016},
month = {10},
pages = {},
title = {A Higher-Order Calculus of Computational Fields},
volume = {20},
journal = {ACM Transactions on Computational Logic},
doi = {10.1145/3285956}
}
@article{Field,
author = {Mamei, Marco and Zambonelli, Franco},
year = {2009},
month = {07},
pages = {},
title = {Programming Pervasive and Mobile Computing Applications: The TOTA Approach},
volume = {18},
journal = {ACM Trans. Softw. Eng. Methodol.},
doi = {10.1145/1538942.1538945}
}
@inbook{Universality,
author = {Audrito, Giorgio and Beal, Jacob and Damiani, Ferruccio and Viroli, Mirko},
year = {2018},
month = {01},
pages = {1-20},
title = {Space-Time Universality of Field Calculus},
isbn = {978-3-319-92407-6},
doi = {10.1007/978-3-319-92408-3_1}
}
@article{FeatherJava,
author = {Igarashi, Atsushi and Pierce, Benjamin C. and Wadler, Philip},
title = {Featherweight Java: A Minimal Core Calculus for Java and GJ},
year = {2001},
issue_date = {May 2001},
publisher = {Association for Computing Machinery},
address = {New York, NY, USA},
volume = {23},
number = {3},
issn = {0164-0925},
url = {https://doi.org/10.1145/503502.503505},
doi = {10.1145/503502.503505},
journal = {ACM Trans. Program. Lang. Syst.},
month = may,
pages = {396â€“450},
numpages = {55},
keywords = {Compilation, language design, language semantics, generic classes, Java}
}
@misc{Share,
    title={Field-based Coordination with the Share Operator},
    author={Giorgio Audrito and Jacob Beal and Ferruccio Damiani and Danilo Pianini and Mirko Viroli},
    year={2019},
    eprint={1910.02874},
    archivePrefix={arXiv},
    primaryClass={cs.DC}
}
@article{SelfStabilizing,
author = {Viroli, Mirko and Audrito, Giorgio and Beal, Jacob and Damiani, Ferruccio and Pianini, Danilo},
title = {Engineering Resilient Collective Adaptive Systems by Self-Stabilisation},
year = {2018},
issue_date = {April 2018},
publisher = {Association for Computing Machinery},
address = {New York, NY, USA},
volume = {28},
number = {2},
issn = {1049-3301},
url = {https://doi.org/10.1145/3177774},
doi = {10.1145/3177774},
month = mar,
articleno = {16},
numpages = {28},
keywords = {distributed algorithms, field calculus, Aggregate computing, collective adaptive systems, self-stabilisation, simulation and modeling}
}
@article{Protelis,
author = {Pianini, Danilo and Viroli, Mirko and Beal, Jacob},
year = {2015},
month = {01},
pages = {1846-1853},
title = {Protelis: Practical aggregate programming},
journal = {Proceedings of the ACM Symposium on Applied Computing}
}
@article{Alchemist,
author = {Pianini, Danilo and Montagna, Sara and Viroli, Mirko},
year = {2013},
month = {01},
pages = {},
title = {Chemical-oriented simulation of computational systems with ALCHEMIST},
volume = {7},
journal = {Journal of Simulation},
doi = {10.1057/jos.2012.27}
}
@inproceedings{Scafi,
author = {Casadei, Roberto and Viroli, Mirko},
title = {Towards Aggregate Programming in Scala},
year = {2016},
isbn = {9781450347754},
publisher = {Association for Computing Machinery},
address = {New York, NY, USA},
url = {https://doi.org/10.1145/2957319.2957372},
doi = {10.1145/2957319.2957372},
booktitle = {First Workshop on Programming Models and Languages for Distributed Computing},
articleno = {5},
numpages = {7},
keywords = {Scala, DSL, distributed platform, complex adaptive systems, aggregate programming},
location = {Rome, Italy},
series = {PMLDC '16}
}
@mist{Scala,
author = {EPFL},
title = {The Scala Programmign Language},
howpublished = {https://scala-lang.org/}
}
@mist{Akka,
author = {Lightbend},
title = {Akka: build concurrent, distributed, and resilient message-driven applications for Java and Scala},
howpublished = {https://akka.io/}
}
@phdthesis{scafiphd,
            year = {2020},
          school = {alma},
           title = {Engineering Self-Adaptive Collective Processes for Cyber-Physical Ecosystems},
           month = {Aprile},
          author = {Roberto Casadei},
        keywords = {computational collective intelligence; collective processes; multi-agent systems; cyber-physical systems; self-adaptive systems; self-organisation; coordination; distributed computing; programming languages; situated systems; space-time programming; aggregate computing; edge computing},
             url = {http://amsdottorato.unibo.it/9380/}
}